@article{sobelop,
author = {Sobel, Irwin},
year = {2014},
month = {02},
pages = {},
title = {An Isotropic 3x3 Image Gradient Operator},
journal = {Presentation at Stanford A.I. Project 1968}
}

@misc{lossfunc,
howpublished = {\url{https://ml-cheatsheet.readthedocs.io/en/latest/loss_functions.html}}
}

@misc{stblibraries,
howpublished = {\url{https://github.com/nothings/stb}}
}

@misc{gradientdescent,
howpublished = {\url{https://musstafa0804.medium.com/optimizers-in-deep-learning-7bf81fed78a0}}
}

@inproceedings{nandy2010recognizing,
  title={Recognizing \& interpreting Indian sign language gesture for human robot interaction},
  author={Nandy, Anup and Mondal, Soumik and Prasad, Jay Shankar and Chakraborty, Pavan and Nandi, GC},
  booktitle={2010 international conference on computer and communication technology (ICCCT)},
  pages={712--717},
  year={2010},
  organization={IEEE}
}

@inproceedings{lilha2011evaluation,
  title={Evaluation of features for automated transcription of dual-handed sign language alphabets},
  author={Lilha, Himanshu and Shivmurthy, Devashish},
  booktitle={2011 international conference on image information processing},
  pages={1--5},
  year={2011},
  organization={IEEE}
}

@article{kishore2011video,
  title={Video audio interface for recognizing gestures of indian sign},
  author={Kishore, PVV and Kumar, P Rajesh and Kumar, E Kiran and Kishore, SRC},
  journal={International Journal of Image Processing (IJIP)},
  volume={5},
  number={4},
  pages={479},
  year={2011}
}